% This file was created with Citavi 5.3.1.0

@misc{ADAC.2018,
 editor = {ADAC},
 year = {2018},
 title = {T{\"a}glich 4000 Kilometer Stau},
 url = {https://www.adac.de/der-adac/verein/aktuelles/staubilanz-2017/},
 urldate = {08.07.2018}
}


@book{Eis.2010,
 year = {2010},
 title = {Klimawandel und Gesundheit: Ein Sachstandsbericht},
 keywords = {Auswirkung;Climate change;Erderw{\"a}rmung;Gesundheit;Global warming;Hitzewelle;Klima;Klimawandel;Umwelt},
 address = {Berlin},
 publisher = {Robert-Koch-Institut},
 editor = {Eis, Dieter and Helm, Dieter and Lau{\ss}mann, Detlef and Stark, Klaus}
}


@misc{INRIX.2014,
 editor = {INRIX},
 year = {2014},
 title = {Verkehr kostet deutsche Wirtschaft 33 Milliarden Euro im Jahr 2030},
 url = {http://inrix.com/press-releases/verkehr-kostet-deutsche-wirtschaft-33-milliarden-euro-im-jahr-2030/},
 urldate = {08.07.2018}
}


@misc{KBA.2018,
 editor = {KBA},
 year = {2018},
 title = {Jahresbilanz des Fahrzeugbestandes am 1. Januar 2018},
 url = {https://www.kba.de/DE/Statistik/Fahrzeuge/Bestand/b_jahresbilanz.html},
 urldate = {08.07.2018}
}


@misc{KPMG.2017,
 editor = {KPMG},
 year = {2017},
 title = {Unterwegs in der Smart City},
 url = {http://hub.kpmg.de/public-sector-insights-02-2017-unterwegs-in-der-smart-city?utm_campaign=Public%20Sector%20Insights%2002%2F2017%20%E2%80%93%20Unterwegs%20in%20der%20Smart%20City},
 urldate = {08.07.2018}
}


@misc{MinisteriumfurVerkehrBadenWurttemberg.2018,
 editor = {{Ministerium f{\"u}r Verkehr Baden W{\"u}rttemberg}},
 year = {2018},
 title = {Feinstaubalarm},
 url = {https://vm.baden-wuerttemberg.de/de/mensch-umwelt/luftreinhaltung/feinstaubalarm/},
 urldate = {08.07.2018}
}


@book{Rahmstorf.2007,
 abstract = {Dies ist ein hochinteressanter, dabei sehr lesbarer und informativer Beitrag zur Klimaver{\"a}nderung und ihren Folgen. Die Autoren, beide Physiker und am Potsdam-Institut f{\"u}r Klimafolgeforschung, beziehen sich auf neueste Quellen weitgehend englischen und amerikanischen Ursprungs. Die 5 Kapitel des schmalen Bandes aus der empfehlenswerten und preisg{\"u}nstigen Reihe befassen sich mit Klimageschichte, globaler Erw{\"a}rmung, Folgen des Klimawandels, der {\"o}ffentlichen Diskussion zum Klimawandel und der L{\"o}sung des Klimaproblems. Das insgesamt eher positive Fazit lautet: {\dq}Nach der Lekt{\"u}re ... wird der Leser hoffentlich unserer Ansicht zustimmen, dass die Bew{\"a}ltigung des Klimawandels eine Feuertaufe f{\"u}r die im Entstehen begriffene Weltgesellschaft darstellt. Wir haben versucht zu zeigen, dass die Probe heil {\"u}berstanden ... werden kann.{\dq} (S. 133).},
 author = {Rahmstorf, Stefan and Schellnhuber, Hans-Joachim},
 year = {2007},
 title = {Der Klimawandel: Diagnose, Prognose, Therapie},
 address = {M{\"u}nchen},
 edition = {6. Aufl., Orig.-Ausg},
 volume = {2366},
 publisher = {Beck},
 isbn = {3406508669},
 series = {Beck'sche Reihe C.-H.-Beck-Wissen}
}


@book{Rothenbucher.2011,
 year = {2011},
 title = {Globaler Klimawandel: Ursachen, Folgen, Handlungsm{\"o}glichkeiten},
 address = {Bonn and Berlin},
 edition = {3., {\"u}berarb. Aufl., Neuaufl.},
 publisher = {Germanwatch},
 isbn = {978-3-939846-78-9},
 editor = {Rothenb{\"u}cher, Tobias}
}


@misc{RyoheiFujimaki.2016,
 author = {{Ryohei Fujimaki}},
 year = {2016},
 title = {What is Prescriptive Analytics?},
 url = {https://www.nec.com/en/global/solutions/bigdata/special/gartner-bi-na-2016/sps_script1.html}
}


@misc{Siemens.2013,
 editor = {Siemens},
 year = {2013},
 title = {Siemens Traffic Eye Universal 5},
 url = {https://www.siemens.com/content/dam/webassetpool/mam/tag-siemens-com/smdb/mobility/road/traffic-management/on-the-road/smart-detection/overhead-detection/documents/traffic-eye-universal-5-de.pdf}
}


@misc{StatistaDasStatistikPortal.2018,
 editor = {{Statista - Das Statistik-Portal}},
 year = {2018},
 title = {Anzahl der gemeldeten Pkw in Deutschland in den Jahren 1960 bis 2018 (Bestand in 1.000)},
 url = {https://de.statista.com/statistik/daten/studie/12131/umfrage/pkw-bestand-in-deutschland/},
 urldate = {08.07.2018}
}


@misc{SvanteArrhenius.1896,
 author = {{Svante Arrhenius}},
 year = {1896},
 title = {On the Influence of Carbonic Acid in the Air upon the Temperature of the Ground},
 url = {http://www.rsc.org/images/Arrhenius1896_tcm18-173546.pdf},
 urldate = {08.07.2018}
}


@misc{TomTom.2011,
 editor = {TomTom},
 year = {2011},
 title = {Stress im Stau},
 url = {https://www.meintomtom.de/content/507/stress-im-stau.html},
 urldate = {08.07.2018}
}


@misc{Umweltbundesamt.2016,
 editor = {Umweltbundesamt},
 year = {2016},
 title = {Klimaschutzziele Deutschlands},
 url = {https://www.umweltbundesamt.de/daten/klima/klimaschutzziele-deutschlands},
 urldate = {08.07.2018}
}


@misc{Umweltbundesamt.2016b,
 editor = {Umweltbundesamt},
 year = {2016},
 title = {Emissionsquellen},
 url = {https://www.umweltbundesamt.de/themen/klima-energie/klimaschutz-energiepolitik-in-deutschland/treibhausgas-emissionen/emissionsquellen#textpart-1},
 urldate = {08.07.2018}
}


@misc{Umweltbundesamt.2018,
 editor = {Umweltbundesamt},
 year = {2018},
 title = {Kraftstoffe},
 url = {https://www.umweltbundesamt.de/daten/verkehr/kraftstoffe},
 urldate = {08.07.2018}
}


