%% This BibTeX bibliography file was created using BibDesk.
%% http://bibdesk.sourceforge.net/

%% Created for PaulDrautzburg at 2017-06-22 22:50:11 +0200 


%% Saved with string encoding Unicode (UTF-8) 



@article{dock:1,
	Author = {Tianon Gravi},
	Date-Added = {2017-06-22 20:48:19 +0000},
	Date-Modified = {2017-06-22 20:50:11 +0000},
	Lastchecked = {22.06.2017},
	Title = {GitHub},
	Url = {https://github.com/docker-library/rabbitmq/blob/a6cb36022a5c1a17df78cfafe45a73d941ad4eb8/3.6},
	Year = {2017}}

@article{12:fac,
	Author = {Adam Wiggins},
	Date-Added = {2017-06-22 20:31:43 +0000},
	Date-Modified = {2017-06-22 20:35:28 +0000},
	Lastchecked = {22.06.2017},
	Title = {12 Faktor-App},
	Url = {https://12factor.net/de/},
	Year = {2012}}

@article{webc:1,
	Author = {Eigene Abbildung},
	Date-Added = {2017-06-22 20:31:43 +0000},
	Date-Modified = {2017-06-22 20:35:28 +0000},
	Title = {Web-Client},
	Url = {http://weatherwebclient.herokuapp.com}
	Year = {2017}
	
@article{webc:2,
	Author = {Eigene Abbildung},
	Date-Added = {2017-06-22 20:31:43 +0000},
	Date-Modified = {2017-06-22 20:35:28 +0000},
	Title = {Konfiguration Loadtest},
	Year = {2017}
	
@article{webc:3,
	Author = {Eigene Abbildung},
	Date-Added = {2017-06-22 20:31:43 +0000},
	Date-Modified = {2017-06-22 20:35:28 +0000},
	Title = {Ergebnis Loadtest},
	Year = {2017}
	
@article{hero:1,
	Author = {Eigene Abbildung},
	Date-Added = {2017-06-22 20:31:43 +0000},
	Date-Modified = {2017-06-22 20:35:28 +0000},
	Title = {Umgebungsvariablen Heroku},
	Year = {2017}
	
@article{kos:1,
	Date-Added = {2017-06-22 20:31:43 +0000},
	Date-Modified = {2017-06-22 20:35:28 +0000},
	Lastchecked = {22.06.2017},
	Title = {AWS EC2 Pricing},
	Url = {https://aws.amazon.com/de/ec2/pricing/reserved-instances/pricing/},
	Year = {2017}}
	
@article{kos:2,
	Date-Added = {2017-06-22 20:31:43 +0000},
	Date-Modified = {2017-06-22 20:35:28 +0000},
	Lastchecked = {22.06.2017},
	Title = {Pivotal Pricing},
	Url = {https://run.pivotal.io/pricing/},
	Year = {2017}}
	
@article{kos:3,
	Date-Added = {2017-06-22 20:31:43 +0000},
	Date-Modified = {2017-06-22 20:35:28 +0000},
	Lastchecked = {22.06.2017},
	Title = {Heroku Pricing},
	Url = {https://www.heroku.com/pricing},
	Year = {2017}}

@article{kos:4,
	Date-Added = {2017-06-22 20:31:43 +0000},
	Date-Modified = {2017-06-22 20:35:28 +0000},
	Lastchecked = {22.06.2017},
	Title = {PayPal Micropayment Pricing},
	Url = {https://www.pay\-pal.com/de\-/webapps/mpp/ua/useragreement-full},
	Year = {2017}}